%
%  Vzor bibliografické databáze pro automatickou tvorbu seznamu referencí
%  pomocí BibTeXu
%
%  Doporučený software pro správu databáze literatury formátu *.bib:
%    JabRef, http://jabref.sourceforge.net/
%
%  POZOR:
%
%    *  Písmena v názvech publikací, jež je třeba tisknout vždy velká, se musejí psát
%       do složených závorek ({T}hailand, {HIV})
%
%  ===========================================================================

@manual{MaterialUI,
	title = {MUI: The React component list},
	organization = {Material-UI SAS.},
	url = {https://mui.com/components},
	note = {[cit 2022-15-1]},
}

@manual{muiLink,
	title = {How to Link in React and and the Material UI Framework},
	author = {Alan Storm},
	url = {https://alanstorm.com/how-to-link-in-react-and-the-material-ui-framework/},
	note = {[cit 2022-20-1]},
}

@manual{ReactRouter,
	title = {React Router DOM: How to handle routing in web apps},
	organization = {LogRocket},
	author = {Esteban Herrera},
	url = {https://blog.logrocket.com/react-router-dom-tutorial-examples/},
	note = {[cit 2022-28-1]},
}

@manual{publicFolder,
	title = {Using the Public Folder},
	organization = {Facebook, Inc.},
	url = {https://create-react-app.dev/docs/using-the-public-folder/},
	note = {[cit 2022-2-2]},
}

@manual{css,
	title = {:not | CSS-Tricks},
	author = {Sara Cope},
	url = {https://css-tricks.com/almanac/selectors/n/not/},
	note = {[cit 2022-25-1]},
}

@manual{uriEncode,
	title = {URI/URL Encoding Strings In JavaScript/Node.js},
	author = {Derick Bailey},
	url = {https://derickbailey.com/2016/05/02/uriurl-encoding-strings-in-node-js/},
	note = {[cit 2022-22-1]},
}

@manual{childState,
	title = {How to change the state of a child component from its parent in React},
	author = {Johny Thomas},
	url = {
	       https://www.freecodecamp.org/news/react-changing-state-of-child-component-from-parent-8ab547436271/
	       },
	note = {[cit 2022-5-2]},
}

@manual{searchParams,
	title = {Reading and updating query params with URLSearchParams},
	author = {Jack Franklin},
	url = {https://www.jackfranklin.co.uk/blog/url-search-params/},
	note = {[cit 2022-7-2]},
}

@manual{urlParams,
	title = {How to Access URL Parameters Using React Router 6},
	author = {Christian Hur},
	url = {https://chrisvhur.medium.com/how-to-access-url-parameters-using-react-router-6-a4cf6bdad4dd
	       },
	note = {[cit 2022-9-2]},
}

@manual{upload,
	title = {Custom Upload Button, Image Preview and Image Upload with React Hooks},
	author = {Ibrahim},
	url = {
	       https://medium.com/@ibamibrhm/custom-upload-button-image-preview-and-image-upload-with-react-hooks-a7977618ee8c
	       },
	note = {[cit 2022-30-1]},
}

@manual{combinator,
	title = {Child combinator},
	organization = {Mozilla},
	url = {https://developer.mozilla.org/en-US/docs/Web/CSS/Child_combinator},
	note = {[cit 2022-5-2]},
}

@manual{form,
	title = {Creating a Material-UI form},
	organization = {One Step! Code},
	url = {https://onestepcode.com/creating-a-material-ui-form/},
	note = {[cit 2022-28-1]},
}

@manual{reactForm,
	title = {Forms},
	organization = {Meta Platforms, Inc.},
	url = {https://reactjs.org/docs/forms.html},
	note = {[cit 2022-28-1]},
}

@manual{resizing,
	title = {How to Auto-resize an Image to Fit into a DIV Container using CSS},
	url = {
	       https://www.tutorialrepublic.com/faq/how-to-auto-resize-an-image-to-fit-into-a-div-container-using-css.php
	       },
	note = {[cit 2022-10-2]},
}

@manual{targetNull,
	title = {input's event.target is null within this,setState [React.js]},
	author = {Kunukn},
	url = {https://stackoverflow.com/a/47443091/12174842},
	note = {[cit 2022-2-1]},
}

@manual{FormData,
	title = {axios post request to send form data},
	author = {Nikita Fedyashev},
	url = {https://stackoverflow.com/a/47630754/12174842},
	note = {[cit 2022-3-2]},
}

@manual{navigate,
	title = {Programmatically navigate using React router},
	author = {Felipe Skinner},
	url = {https://stackoverflow.com/a/31079244/12174842},
	note = {[cit 2022-16-2]},
}

@manual{queryStrings,
	title = {A Guide to Query Strings with React Router},
	author = {Tyler McGinnits},
	url = {https://ui.dev/react-router-query-strings/},
	note = {[cit 2022-7-2]},
}

@manual{searchParams,
	title = {Getting Query Strings (Search Params) in React Router},
	author = {Todd Motto},
	url = {https://ultimatecourses.com/blog/query-strings-search-params-react-router},
	note = {[cit 2022-7-2]},
}

@manual{searchJS,
	title = {JavaScript String search()},
	organization = {Refsnes Data},
	url = {https://www.w3schools.com/jsref/jsref_search.asp},
	note = {[cit 2021-30-12]},
}

% SERVER: 

@manual{nodemailer,
	title = {Sending Email via Gmail SMTP Server in NodeJS},
	organization = {Artisans Web},
	url = {https://artisansweb.net/sending-email-via-gmail-smtp-server-in-nodejs/},
	note = {[cit 2022-18-2]},
}

@manual{staticFiles,
	title = {Serving static files in Express},
	organization = {OpenJS Foundation},
	url = {https://expressjs.com/en/starter/static-files.html},
	note = {[cit 2022-10-2]},
}

@manual{compress,
	title = {client-compress},
	author = {davejm},
	url = {https://github.com/davejm/client-compress},
	note = {[cit 2022-2-2]},
}

@manual{sqlAlias,
	title = {How to Use Aliases with SQL JOINs},
	author = {Andrew Bone},
	url = {https://learnsql.com/blog/how-to-use-aliases-with-sql-join/},
	note = {[cit 2022-14-2]},
}

@manual{multer,
	title = {Node Multer unexpected field},
	author = {Thamar Aiselvam},
	url = {https://stackoverflow.com/a/31532067/12174842},
	note = {[cit 2022-15-1]},
}

@manual{sqlLike,
	title = {LIKE vs CONTAINS on SQL Server},
	author = {Damien},
	url = {https://stackoverflow.com/a/7510685/12174842},
	note = {[cit 2022-15-1]},
}


% Část loga aplikace
@manual{logo,
	title = {Library logo},
	organization = {Tradefair Hotels},
	url = {http://www.tradefair-hotels.com/home/attachment/library-logo/},
	note = {[cit 2021-27-12]},
}

